@comment{x-kbibtex-personnameformatting=<%l><, %f>}

@article{Younes2014,
	author = "Younes, L. and Ratnanather, J. T. and Brown, T. and Aylward, E. and Nopoulos, P. and Johnson, H. and Magnotta, V. A. and Paulsen, J. S. and Margolis, R. L. and Albin, R. L. and Miller, M. I. and Ross, C. A.",
	journal = "Hum Brain Mapp",
	month = "Mar",
	number = "3",
	pages = "792--809",
	title = "{{R}egionally selective atrophy of subcortical structures in prodromal {H}{D} as revealed by statistical shape analysis}",
	volume = "35",
	year = "2014"
}

@book{Paulson2011,
	author = "Paulson, HL and Albin, RL",
	publisher = "CRC Press, Boca Raton (FL)",
	title = "{Huntington{\rq}s disease: Clinical features and routes to therapy}",
	year = "2011"
}

@article{Imarisio2008,
	author = "Imarisio, Sara and Carmichael, Jenny and Korolchuk, Viktor and Chen, Chien-Wen and Saiki, Shinji and Rose, Claudia and Krishna, Gauri and Davies, Janet E and Ttofi, Evangelia and Underwood, Benjamin R and others",
	journal = "Biochemical Journal",
	number = "2",
	pages = "191--209",
	publisher = "Portland Press Limited",
	title = "{Huntington's disease: from pathology and genetics to potential therapies}",
	volume = "412",
	year = "2008"
}

@article{MacDonald93,
	author = "MacDonald, Marcy E and Ambrose, Christine M and Duyao, Mabel P and Myers, Richard H and Lin, Carol and Srinidhi, Lakshmi and Barnes, Glenn and Taylor, Sherryl A and James, Marianne and Groot, Nicolet and others",
	journal = "Cell",
	number = "6",
	pages = "971--983",
	publisher = "Elsevier",
	title = "{A novel gene containing a trinucleotide repeat that is expanded and unstable on Huntington's disease chromosomes}",
	volume = "72",
	year = "1993"
}

@article{Ferrante1987a,
	author = "Ferrante, Robert J and Beal, M Flint and Kowall, Neil W and Richardson, Edward P and Martin, Joseph B",
	journal = "Brain research",
	number = "1",
	pages = "162--166",
	publisher = "Elsevier",
	title = "{Sparing of acetylcholinesterase-containing striatal neurons in Huntington's disease}",
	volume = "411",
	year = "1987"
}

@article{Ferrante1987b,
	author = "Ferrante, Robert J and Kowall, Neil W and Beal, M Flint and Martin, Joseph B and Bird, Edward D and {Richardson Jr}, EP",
	journal = "Journal of Neuropathology \& Experimental Neurology",
	number = "1",
	pages = "12--27",
	publisher = "LWW",
	title = "{Morphologic and histochemical characteristics of a spared subset of striatal neurons in Huntington's disease.}",
	volume = "46",
	year = "1987"
}

@article{Vonsattel1985,
	author = "Vonsattel, Jean-Paul and Myers, Richard H and Stevens, Thomas J and Ferrante, Robert J and Bird, Edward D and {Richardson Jr}, Edward P",
	journal = "Journal of Neuropathology \& Experimental Neurology",
	number = "6",
	pages = "559--577",
	publisher = "LWW",
	title = "{Neuropathological classification of Huntington's disease.}",
	volume = "44",
	year = "1985"
}

@article{Zhang2011,
	author = "Zhang, Y. and Long, J. D. and Mills, J. A. and Warner, J. H. and Lu, W. and Paulsen, J. S.",
	journal = "Am. J. Med. Genet. B Neuropsychiatr. Genet.",
	month = "Dec",
	number = "7",
	pages = "751--763",
	title = "{{I}ndexing disease progression at study entry with individuals at-risk for {H}untington disease}",
	volume = "156B",
	year = "2011"
}

@article{Langbehn2010,
	author = "Group, HD Collaborative",
	journal = "Am. J. Med. Genet. B Neuropsychiatr. Genet.",
	month = "Mar",
	number = "2",
	pages = "397--408",
	title = "{{C}{A}{G}-repeat length and the age of onset in {H}untington disease ({H}{D}): a review and validation study of statistical approaches}",
	volume = "153B",
	year = "2010"
}

@inproceedings{Fishbaugh2013,
	author = "Fishbaugh, James and Prastawa, Marcel and Gerig, Guido and Durrleman, Stanley",
	booktitle = "{Information Processing in Medical Imaging}",
	organization = "Springer",
	pages = "718--729",
	title = "{Geodesic shape regression in the framework of currents}",
	year = "2013"
}

@article{Durrleman2013,
	author = "Durrleman, Stanley and Pennec, Xavier and Trouv{\'e}, Alain and Braga, Jos{\'e} and Gerig, Guido and Ayache, Nicholas",
	journal = "International journal of computer vision",
	number = "1",
	pages = "22--59",
	publisher = "Springer",
	title = "{Toward a comprehensive framework for the spatiotemporal statistical analysis of longitudinal shape data}",
	volume = "103",
	year = "2013"
}

@article{Paulsen2014,
	author = "Paulsen, Jane S and Long, Jeffrey D and Ross, Christopher A and Harrington, Deborah L and Erwin, Cheryl J and Williams, Janet K and Westervelt, Holly James and Johnson, Hans J and Aylward, Elizabeth H and Zhang, Ying and others",
	journal = "The Lancet Neurology",
	number = "12",
	pages = "1193--1201",
	publisher = "Elsevier",
	title = "{Prediction of manifest Huntington's disease with clinical and imaging measures: a prospective observational study}",
	volume = "13",
	year = "2014"
}

@article{Paulsen2014C,
	author = "Paulsen, Jane S and Long, Jeffrey D and Johnson, Hans J and Aylward, Elizabeth H and Ross, Christopher A and Williams, Janet K and Nance, Martha A and Erwin, Cheryl J and Westervelt, Holly J and Harrington, Deborah L and others",
	journal = "Frontiers in aging neuroscience",
	number = "APR",
	title = "{Clinical and biomarker changes in premanifest Huntington disease show trial feasibility: a decade of the PREDICT-HD study}",
	volume = "6",
	year = "2014"
}

@incollection{Prasa2014,
	author = "Muralidharan, Prasanna and Fishbaugh, James and Johnson, Hans J and Durrleman, Stanley and Paulsen, Jane S and Gerig, Guido and Fletcher, P Thomas",
	booktitle = "{Medical Image Computing and Computer-Assisted Intervention--MICCAI 2014}",
	pages = "49--56",
	publisher = "Springer",
	title = "{Diffeomorphic shape trajectories for improved longitudinal segmentation and statistics}",
	year = "2014"
}

